<record xmlns="http://www.loc.gov/MARC21/slim" xmlns:xsi="http://www.w3.org/2001/XMLSchema-instance" xsi:schemaLocation="http://www.loc.gov/MARC21/slim http://www.loc.gov/standards/marcxml/schema/MARC21slim.xsd">

  <leader>01767nab a2200205   4500</leader>
  <controlfield tag="005">20160317161254.0</controlfield>
  <controlfield tag="008">150618b2000    cr f|||| |||| 00| 0 spa d</controlfield>
  <datafield tag="090" ind1=" " ind2=" ">
    <subfield code="a">REVIS 06.02.01</subfield>
  </datafield>
  <datafield ind1="1" ind2=" " tag="100">
    <subfield code="9">219</subfield>
    <subfield code="a">Astroza Hidalgo, Carlos</subfield>
  </datafield>
  <datafield tag="245" ind1="1" ind2="0">
    <subfield code="a">Tecnologías de la información y la comunicación, asociadas al currículum de Enseñanza General Básica: Una propuesta de desarrollo /</subfield>
    <subfield code="c">Carlos Astroza Hidalgo, Erla Mariela Morales Morgado, Annette Isabel Gárate Vallejos, Cecilia Aranda Cortínez</subfield>
  </datafield>
  <datafield ind2=" " ind1=" " tag="260">
    <subfield code="a">San José, Costa Rica :</subfield>
    <subfield code="b">Editorial Universidad de Costa Rica,</subfield>
    <subfield code="c">2000</subfield>
  </datafield>
  <datafield ind1=" " ind2=" " tag="300">
    <subfield code="a">páginas 105-113</subfield>
  </datafield>
  <datafield ind2=" " ind1=" " tag="520">
    <subfield code="a">El trabajo consiste en presentar una propuesta de incorporación de las tecnologías de la información y comunicación  al currículum en los niveles de: Nivel Básico 2 (tercero y cuarto años), Nivel  Básico 4 (sexto año) y Nivel Básico 6 (octavo año) de la Enseñanza General Básica.
Por medio de esta propuesta, se establece una visión integradora de los objetivos fundamentales y contenidos mínimos, el efecto del concepto  de la transversalidad en la integración de contenidos, el establecimiento de un procedimiento de transferencia tecnológica hacia los subsectores de aprendizajes y finalmente, propuestas de actividades de integración de tecnologías de la información y comunicación para el desarrollo cotidiano de aula</subfield>
  </datafield>
  <datafield tag="650" ind2="0" ind1=" ">
    <subfield code="9">1</subfield>
    <subfield code="a">EDUCACIÓN</subfield>
  </datafield>
  <datafield ind2=" " ind1="1" tag="700">
    <subfield code="9">220</subfield>
    <subfield code="a">Aranda Cortínez, Cecilia</subfield>
    <subfield code="c">Coautora</subfield>
  </datafield>
  <datafield tag="700" ind2=" " ind1="1">
    <subfield code="9">222</subfield>
    <subfield code="a">Morales Morgado, Erla Mariela</subfield>
    <subfield code="c">Coautora</subfield>
  </datafield>
  <datafield tag="700" ind2=" " ind1="1">
    <subfield code="9">221</subfield>
    <subfield code="a">Gárate Vallejos, Annette Isabel</subfield>
    <subfield code="c">Coautora</subfield>
  </datafield>
  <datafield ind2=" " ind1="0" tag="773">
    <subfield code="d">San José, Costa Rica : Editorial de la Universidad de Costa Rica, 1997-</subfield>
    <subfield code="o">R0032</subfield>
    <subfield code="t">EDUCACIÓN: Revista de la Universidad de Costa Rica</subfield>
    <subfield code="g">Vol.24, no.especial (2000)</subfield>
  </datafield>
  <datafield ind2=" " ind1=" " tag="942">
    <subfield code="2">z</subfield>
    <subfield code="c">10</subfield>
  </datafield>
  <datafield ind2=" " ind1=" " tag="999">
    <subfield code="c">2702</subfield>
    <subfield code="d">2702</subfield>
  </datafield>
</record>